@Manual{R-base,
  title = {R: A Language and Environment for Statistical Computing},
  author = {{R Core Team}},
  organization = {R Foundation for Statistical Computing},
  address = {Vienna, Austria},
  year = {2019},
  url = {https://www.R-project.org/},
}
@Manual{R-bindrcpp,
  title = {bindrcpp: An 'Rcpp' Interface to Active Bindings},
  author = {Kirill Müller},
  year = {2018},
  note = {R package version 0.2.2},
  url = {https://CRAN.R-project.org/package=bindrcpp},
}
@Manual{R-BiocGenerics,
  title = {BiocGenerics: S4 generic functions for Bioconductor},
  author = {The Bioconductor Dev Team},
  year = {2018},
  note = {R package version 0.28.0},
}
@Manual{R-biqq,
  title = {biqq: Package for BIQQ analysis as described in Jacobs, Humphreys (2016)},
  author = {Macartan Humphreys and Alan Jacobs},
  note = {R package version 0.0.1},
  year = {2019},
}
@Manual{R-bookdown,
  title = {bookdown: Authoring Books and Technical Documents with R Markdown},
  author = {Yihui Xie},
  year = {2019},
  note = {R package version 0.11},
  url = {https://CRAN.R-project.org/package=bookdown},
}
@Manual{R-dagitty,
  title = {dagitty: Graphical Analysis of Structural Causal Models},
  author = {Johannes Textor and Benito {van der Zander}},
  year = {2016},
  note = {R package version 0.2-2},
  url = {https://CRAN.R-project.org/package=dagitty},
}
@Manual{R-DeclareDesign,
  title = {DeclareDesign: Declare and Diagnose Research Designs},
  author = {Graeme Blair and Jasper Cooper and Alexander Coppock and Macartan Humphreys and Neal Fultz},
  year = {2019},
  note = {R package version 0.18.0},
  url = {https://CRAN.R-project.org/package=DeclareDesign},
}
@Manual{R-dplyr,
  title = {dplyr: A Grammar of Data Manipulation},
  author = {Hadley Wickham and Romain François and Lionel Henry and Kirill Müller},
  year = {2019},
  note = {R package version 0.8.2},
  url = {https://CRAN.R-project.org/package=dplyr},
}
@Manual{R-estimatr,
  title = {estimatr: Fast Estimators for Design-Based Inference},
  author = {Graeme Blair and Jasper Cooper and Alexander Coppock and Macartan Humphreys and Luke Sonnet},
  year = {2019},
  note = {R package version 0.18.0},
  url = {https://CRAN.R-project.org/package=estimatr},
}
@Manual{R-expm,
  title = {expm: Matrix Exponential, Log, 'etc'},
  author = {Vincent Goulet and Christophe Dutang and Martin Maechler and David Firth and Marina Shapira and Michael Stadelmann},
  year = {2019},
  note = {R package version 0.999-4},
  url = {https://CRAN.R-project.org/package=expm},
}
@Manual{R-fabricatr,
  title = {fabricatr: Imagine Your Data Before You Collect It},
  author = {Graeme Blair and Jasper Cooper and Alexander Coppock and Macartan Humphreys and Aaron Rudkin and Neal Fultz},
  year = {2019},
  note = {https://declaredesign.org/r/fabricatr,
https://github.com/DeclareDesign/fabricatr},
}
@Manual{R-forcats,
  title = {forcats: Tools for Working with Categorical Variables (Factors)},
  author = {Hadley Wickham},
  year = {2019},
  note = {R package version 0.4.0},
  url = {https://CRAN.R-project.org/package=forcats},
}
@Manual{R-gbiqq,
  title = {gbiqq: Generalized BIQQ},
  author = {Clara Bicalho and Jasper Cooper and Macartan Humphreys and Lily Medina and Georgiy Syunyaev},
  note = {R package version 0.0.2},
  year = {2019},
}
@Manual{R-ggplot2,
  title = {ggplot2: Create Elegant Data Visualisations Using the Grammar of Graphics},
  author = {Hadley Wickham and Winston Chang and Lionel Henry and Thomas Lin Pedersen and Kohske Takahashi and Claus Wilke and Kara Woo and Hiroaki Yutani},
  year = {2019},
  note = {R package version 3.2.0},
  url = {https://CRAN.R-project.org/package=ggplot2},
}
@Manual{R-graph,
  title = {graph: A package to handle graph data structures},
  author = {R. Gentleman and Elizabeth Whalen and W. Huber and S. Falcon},
  year = {2018},
  note = {R package version 1.60.0},
}
@Manual{R-knitr,
  title = {knitr: A General-Purpose Package for Dynamic Report Generation in R},
  author = {Yihui Xie},
  year = {2019},
  note = {R package version 1.23},
  url = {https://CRAN.R-project.org/package=knitr},
}
@Manual{R-Matrix,
  title = {Matrix: Sparse and Dense Matrix Classes and Methods},
  author = {Douglas Bates and Martin Maechler},
  year = {2018},
  note = {R package version 1.2-15},
  url = {https://CRAN.R-project.org/package=Matrix},
}
@Manual{R-pcalg,
  title = {pcalg: Methods for Graphical Models and Causal Inference},
  author = {Markus Kalisch and Alain Hauser and Martin Maechler},
  year = {2019},
  note = {R package version 2.6-2},
  url = {https://CRAN.R-project.org/package=pcalg},
}
@Manual{R-plotrix,
  title = {plotrix: Various Plotting Functions},
  author = {Jim Lemon and Ben Bolker and Sander Oom and Eduardo Klein and Barry Rowlingson and Hadley Wickham and Anupam Tyagi and Olivier Eterradossi and Gabor Grothendieck and Michael Toews and John Kane and Rolf Turner and Carl Witthoft and Julian Stander and Thomas Petzoldt and Remko Duursma and Elisa Biancotto and Ofir Levy and Christophe Dutang and Peter Solymos and Robby Engelmann and Michael Hecker and Felix Steinbeck and Hans Borchers and Henrik Singmann and Ted Toal and Derek Ogle and Darshan Baral and Ulrike Groemping and Bill Venables},
  year = {2019},
  note = {R package version 3.7-6},
  url = {https://CRAN.R-project.org/package=plotrix},
}
@Manual{R-purrr,
  title = {purrr: Functional Programming Tools},
  author = {Lionel Henry and Hadley Wickham},
  year = {2019},
  note = {R package version 0.3.2},
  url = {https://CRAN.R-project.org/package=purrr},
}
@Manual{R-randomizr,
  title = {randomizr: Easy-to-Use Tools for Common Forms of Random Assignment and
Sampling},
  author = {Alexander Coppock},
  year = {2019},
  note = {R package version 0.18.0},
  url = {https://CRAN.R-project.org/package=randomizr},
}
@Manual{R-readr,
  title = {readr: Read Rectangular Text Data},
  author = {Hadley Wickham and Jim Hester and Romain Francois},
  year = {2018},
  note = {R package version 1.3.1},
  url = {https://CRAN.R-project.org/package=readr},
}
@Manual{R-Rgraphviz,
  title = {Rgraphviz: Provides plotting capabilities for R graph objects},
  author = {Kasper Daniel Hansen and Jeff Gentry and Li Long and Robert Gentleman and Seth Falcon and Florian Hahne and Deepayan Sarkar},
  year = {2018},
  note = {R package version 2.26.0},
}
@Manual{R-rmarkdown,
  title = {rmarkdown: Dynamic Documents for R},
  author = {JJ Allaire and Yihui Xie and Jonathan McPherson and Javier Luraschi and Kevin Ushey and Aron Atkins and Hadley Wickham and Joe Cheng and Winston Chang and Richard Iannone},
  year = {2019},
  note = {R package version 1.13},
  url = {https://CRAN.R-project.org/package=rmarkdown},
}
@Manual{R-rstan,
  title = {rstan: R Interface to Stan},
  author = {Jiqiang Guo and Jonah Gabry and Ben Goodrich},
  year = {2018},
  note = {R package version 2.18.2},
  url = {https://CRAN.R-project.org/package=rstan},
}
@Manual{R-StanHeaders,
  title = {StanHeaders: C++ Header Files for Stan},
  author = {Ben Goodrich and Andrew Gelman and Bob Carpenter and Matt Hoffman and Daniel Lee and Michael Betancourt and Marcus Brubaker and Jiqiang Guo and Peter Li and Allen Riddell and Marco Inacio and Mitzi Morris and Jeffrey Arnold and Rob Goedman and Brian Lau and Rob Trangucci and Jonah Gabry and Alp Kucukelbir and Robert Grant and Dustin Tran and Michael Malecki and Yuanjun Gao},
  year = {2019},
  note = {R package version 2.18.1-10},
  url = {https://CRAN.R-project.org/package=StanHeaders},
}
@Manual{R-stargazer,
  title = {stargazer: Well-Formatted Regression and Summary Statistics Tables},
  author = {Marek Hlavac},
  year = {2018},
  note = {R package version 5.2.2},
  url = {https://CRAN.R-project.org/package=stargazer},
}
@Manual{R-stringr,
  title = {stringr: Simple, Consistent Wrappers for Common String Operations},
  author = {Hadley Wickham},
  year = {2019},
  note = {R package version 1.4.0},
  url = {https://CRAN.R-project.org/package=stringr},
}
@Manual{R-tibble,
  title = {tibble: Simple Data Frames},
  author = {Kirill Müller and Hadley Wickham},
  year = {2019},
  note = {R package version 2.1.3},
  url = {https://CRAN.R-project.org/package=tibble},
}
@Manual{R-tidyr,
  title = {tidyr: Easily Tidy Data with 'spread()' and 'gather()' Functions},
  author = {Hadley Wickham and Lionel Henry},
  year = {2019},
  note = {R package version 0.8.3},
  url = {https://CRAN.R-project.org/package=tidyr},
}
@Manual{R-tidyverse,
  title = {tidyverse: Easily Install and Load the 'Tidyverse'},
  author = {Hadley Wickham},
  year = {2017},
  note = {R package version 1.2.1},
  url = {https://CRAN.R-project.org/package=tidyverse},
}
